@inproceedings{chen2014encoding,
  title={Encoding relation requirements for relation extraction via joint inference},
  author={Chen, Liwei and Feng, Yansong and Huang, Songfang and Qin, Yong and Zhao, Dongyan},
  booktitle={Proceedings of the 52nd Annual Meeting of the Association for Computational Linguistics (Volume 1: Long Papers)},
  volume={1},
  pages={818--827},
  year={2014}
}